@article{Kroner2023,
abstract = {Plattentektonische Prozesse im Pal{\"{a}}ozoikum kulminierten in der Bildung von Pang{\"{a}}a. Im westlichen Sektor des Superkontinents erfasste nach der Schlie{\ss}ung des Rheischen Ozeans Akkretions-/Kollisionstektonik Gesteinseinheiten, welche entweder dem Nordkontinent Laurussia bzw. dem S{\"{u}}dkontinent Gondwana angeh{\"{o}}rten. Die lang anhaltende Plattenkonvergenz erfasste zu unterschiedlichen Zeiten die verschiedenen Bereiche der Kontinentalr{\"{a}}nder, was sich in der heterogenen Entwicklung der Gebirgsg{\"{u}}rtel entlang der Plattenrandzone {\"{a}}u{\ss}ert. Zur Erkl{\"{a}}rung der offensichtlichen Komplexit{\"{a}}t existieren verschiedene regionalgeologische Modelle, die prinzipiell darin {\"{u}}bereinstimmen, dass die tektonische Ursache in der Relativbewegung der Platten von Gondwana und Laurussia liegt. {\"{U}}berregional betrachtet widersprechen sich diese Modelle in wesentlichen Punkten, was schlussendlich zu unterschiedlichen plattentektonischen Szenarien f{\"{u}}hrte. Hier fassen wir Studien zusammen, die sich mit verschiedenen Aspekten der Plattentektonik im Pal{\"{a}}ozoikum besch{\"{a}}ftigen und prinzipiell auf einem generischen plattentektonischen Gondwana-Laurussia-Modell beruhen. Wir stellen eine Rekonstruktionsmethode vor, die es erm{\"{o}}glicht, plattenkinematische Parameter aus dem Verformungsmuster der kontinentalen Kruste zu extrahieren und erkl{\"{a}}ren die Bildung West-Pang{\"{a}}as in seiner Gesamtheit. Dann fokussieren wir auf die Bildung der Zentraleurop{\"{a}}ischen Varisziden, speziell auf die klassische Grenze zwischen Saxothuringikum und Rhenoherzynikum. Abschlie{\ss}end demonstrieren wir anhand der Zinn/Wolfram- und Uran-Lagerst{\"{a}}tten Europas, dass {\"{u}}berregionale plattentektonische Modelle die Verteilungsmuster ganzer Lagerst{\"{a}}ttenprovinzen erkl{\"{a}}ren k{\"{o}}nnen.},
author = {Kroner, Uwe and Romer, Rolf L. and Stephan, Tobias},
doi = {10.1127/zdgg/2023/0365},
file = {:C$\backslash$:/Users/tobis/Downloads/Kroner{\_}etal{\_}2023{\_}ZDGG{\_}Die Rekonstruktion von relativen Plattenbewegungen aus dem pal{\"{a}}ozoischen Deformationsmuster der Kontinente.pdf:pdf},
issn = {1860-1804},
journal = {Zeitschrift der Deutschen Gesellschaft f{\"{u}}r Geowissenschaften},
keywords = {gondwana,laurussia,orogeny,rheno-hercynia,saxo-thuringia,spherical strain pattern},
month = {feb},
title = {{Die Rekonstruktion von relativen Plattenbewegungen aus dem pal{\"{a}}ozoischen Deformationsmuster der Kontinente. [Relative plate motions deduced from the Palaeozoic deformation pattern of continents.]}},
url = {http://www.schweizerbart.de/papers/zdgg/detail/prepub/102613/Die{\_}Rekonstruktion{\_}von{\_}relativen{\_}Plattenbewegungen?af=crossref},
year = {2023}
}
