@article{Stephan2019a,
author = {Stephan, Tobias and Kroner, Uwe and Romer, Rolf L. and R{\"{o}}sel, Delia},
doi = {10.1016/j.earscirev.2019.03.012},
file = {:C$\backslash$:/Users/tobis/AppData/Local/Mendeley Ltd/Mendeley Desktop/Downloaded/Stephan et al. - 2019 - From a bipartite Gondwanan shelf to an arcuate Variscan belt The early Paleozoic evolution of northern Peri-Gond.pdf:pdf},
issn = {00128252},
journal = {Earth-Science Reviews},
month = {may},
pages = {491--512},
publisher = {Elsevier BV},
title = {{From a bipartite Gondwanan shelf to an arcuate Variscan belt: The early Paleozoic evolution of northern Peri-Gondwana}},
url = {https://linkinghub.elsevier.com/retrieve/pii/S0012825218306019},
volume = {192},
year = {2019}
}
