@Article{Caracciolo2021,
  author    = {Caracciolo, L. and Ravid{\`{a}}, D. C. G. and Chew, D. and Jan{\ss}en, M. and L{\"{u}}nsdorf, N. K. and Heins, W. A. and Stephan, T. and Stollhofen, H.},
  journal   = {Global and Planetary Change},
  title     = {{Reconstructing environmental signals across the Permian-Triassic boundary in the SE Germanic Basin: A Quantitative Provenance Analysis (QPA) approach}},
  year      = {2021},
  issn      = {0921-8181},
  month     = nov,
  pages     = {103631},
  volume    = {206},
  doi       = {10.1016/j.gloplacha.2021.103631},
  file      = {:C$\backslash$:/Users/tobis/Downloads/Caracciolo et al. - 2021 - Reconstructing environmental signals across the Permian-Triassic boundary in the SE Germanic Basin A Quantita.pdf:pdf},
  publisher = {Elsevier BV},
  url       = {https://linkinghub.elsevier.com/retrieve/pii/S0921818121002162},
}
