@Article{Stephan2025,
  author  = {Stephan, Tobias and Enkelmann, Eva},
  journal = {Tectonics},
  title   = {{All Aligned on the Western Front of North America? Analyzing the Stress Field in the Northern Cordillera}},
  year    = {2025},
  issn    = {1944-9194},
  number  = {e2025TC009014},
  volume  = {44},
  doi     = {10.1029/2025TC009014},
}
