@InCollection{Schaeben2022,
  author    = {Schaeben, Helmut and Kroner, Uwe and Stephan, Tobias},
  booktitle = {Encyclopedia of Mathematical Geosciences. Encyclopedia of Earth Sciences Series},
  publisher = {Springer Nature Switzerland AG 2021},
  title     = {{Euler Poles of Tectonic Plates}},
  year      = {2022},
  editor    = {{Daza Sagar}, B. S. and Cheng, Qiuming and McKinley, Jennifer and Agterberg, Frits},
  pages     = {1--6},
  doi       = {10.1007/978-3-030-26050-7_435-2},
  file      = {:C$\backslash$:/Users/tobis/Downloads/Schaeben, Kroner, Stephan - 2022 - Euler Poles of Tectonic Plates.pdf:pdf},
  url       = {https://link.springer.com/10.1007/978-3-030-26050-7{\_}435-1 https://link.springer.com/10.1007/978-3-030-26050-7{\_}435-2},
}
