@Article{Stephan2019,
  author    = {Stephan, Tobias and Kroner, Uwe and Romer, Rolf L. and R{\"{o}}sel, Delia},
  journal   = {Earth-Science Reviews},
  title     = {{From a bipartite Gondwanan shelf to an arcuate Variscan belt: The early Paleozoic evolution of northern Peri-Gondwana}},
  year      = {2019},
  issn      = {0012-8252},
  month     = may,
  pages     = {491--512},
  volume    = {192},
  doi       = {10.1016/j.earscirev.2019.03.012},
  file      = {:C$\backslash$:/Users/tobis/AppData/Local/Mendeley Ltd/Mendeley Desktop/Downloaded/Stephan et al. - 2019 - From a bipartite Gondwanan shelf to an arcuate Variscan belt The early Paleozoic evolution of northern Peri-Gond.pdf:pdf},
  publisher = {Elsevier BV},
  url       = {https://linkinghub.elsevier.com/retrieve/pii/S0012825218306019},
}
